
@article{delivera2011,
	title = {Forecasting Time Series With Complex Seasonal Patterns Using Exponential Smoothing},
	author = {De Livera, Alysha M. and Hyndman, Rob J. and Snyder, Ralph D.},
	year = {2011},
	month = {12},
	date = {2011-12},
	journal = {Journal of the American Statistical Association},
	pages = {1513--1527},
	volume = {106},
	number = {496},
	doi = {10.1198/jasa.2011.tm09771},
	url = {http://dx.doi.org/10.1198/jasa.2011.tm09771},
	langid = {en}
}

@inbook{maravall2000,
	title = {An application of TRAMO-SEATS; model selection and out-of-sample performance. The Swiss CPI series},
	author = {Maravall, {Agustín} and {Sánchez}, Fernando J.},
	year = {2000},
	date = {2000},
	publisher = {Physica-Verlag HD},
	pages = {121--130},
	doi = {10.1007/978-3-642-57678-2_11},
	url = {http://dx.doi.org/10.1007/978-3-642-57678-2_11}
}

@article{VedicDateTime,
	title = {VedicDateTime: Vedic Calendar System},
	author = {Bokde, Neeraj Dhanraj and Patil, Prajwal Kailasnath and Sengupta, Saradindu and Lorenzo, {Andrés Elías Feijóo}},
	year = {2022},
	date = {2022},
	url = {https://CRAN.R-project.org/package=VedicDateTime}
}

@article{seasonal,
	title = {Seasonal Adjustment by {\textbraceleft}X-13ARIMA-SEATS{\textbraceright} in {\textbraceleft}R{\textbraceright}},
	author = {Sax, Christoph and Eddelbuettel, Dirk},
	year = {2018},
	date = {2018},
	volume = {87},
	doi = {10.18637/jss.v087.i11}
}
@inbook{X-13ARIMA-SEATS,
	title = {X-13ARIMA-SEATS Seasonal Adjustment Program},
	author = {US Census Bureau},
	year = {2013},
	date = {2013},
	publisher = {US Census Bureau},
	url = {https://www.census.gov/data/software/x13as.html}
}

@inbook{shiskin1965,
	title = {The X-11 Variant of the Census Method II Seasonal Adjustment Program},
	author = {Shiskin, {Julius}, {Young}, Allan H. and  {Musgrave} John C.},
	year = {1965},
	date = {1965},
	publisher = {U.S. Government Printing Office},
	pages = {66},
	url = {https://www.google.co.in/books/edition/The_X_11_Variant_of_the_Census_Method_II/BFIfiGmatUoC?hl=en&gbpv=0&kptab=overview}
}

@inbook{lin2002,
	title = {Modeling Lunar Calendar Holiday Effects in Taiwan},
	author = {Lin, {Jin-Lung} and  {Tian-Syh} Liu},
	year = {2002},
	date = {2002},
	publisher = {MUDRA: Journal of Finance and Accounting},
	pages = {19},
	url = {https://www.census.gov/library/working-papers/2002/adrm/lin-01.html}
}

@inbook{Reingold2002,
	title = {CALENDRICAL CALCULATIONS},
	author = {Edward M. Reingold and  Nachum Dershowitz},
	year = {2002},
	date = {2002},
	publisher = {Cambridge University Press},
	pages = {44},
	url = {https://assets.cambridge.org/97811070/57623/frontmatter/9781107057623_frontmatter.pdf}
}

@inbook{bhattacharya2016,
	title = {Seasonal adjustment of Indian macroeconomic time-series},
	author = {Rudrani Bhattacharya, Radhika Pandey, Ila Patnaik and Ajay Shah},
	year = {2016},
	date = {2016},
	publisher = {National Institute of Public Finance and Policy, New Delhi},
	pages = {19},
	url = {https://www.nipfp.org.in/media/medialibrary/2016/01/WP_2016_160.pdf}
}

@inbook{sanyal2017,
	title = {Holiday Effects in Indian Manufacturing Series},
	author = {Anirban Sanyal, Pratik Mitra, Tucker S. McElroy and Anindya Roy},
	year = {2017},
	date = {2017},
	publisher = {Reserve Bank of India- RESEARCH REPORT SERIES},
	pages = {19},
	url = {https://www.census.gov/content/dam/Census/library/working-papers/2017/adrm/rrs2017-04.pdf}
}

@inbook{kumar2017,
	title = {Seasonality in the Indian Stock Markets: A Study of Calendar Effects},
	author = {Kumar, {Harish} and  {Mridul} Dawar},
	year = {2017},
	date = {2017},
	publisher = {MUDRA: Journal of Finance and Accounting},
	pages = {19},
	doi = {10.17492/mudra.v4i01.978},
	url = {https://journals.indexcopernicus.com/api/file/viewByFileId/690045.pdf}
}


