
@article{seasonal,
	title = {Seasonal Adjustment by {\textbraceleft}X-13ARIMA-SEATS{\textbraceright} in {\textbraceleft}R{\textbraceright}},
	author = {Sax, Christoph and Eddelbuettel, Dirk},
	year = {2018},
	date = {2018},
	volume = {87},
	doi = {10.18637/jss.v087.i11}
}
